<?xml version="1.0" encoding="UTF-8"?>
<collection xmlns:xsi="http://www.w3.org/2001/XMLSchema-instance" xsi:schemaLocation="http://www.loc.gov/MARC21/slim http://www.loc.gov/standards/marcxml/schema/MARC21slim.xsd" xmlns="http://www.loc.gov/MARC21/slim">
<record>
  <leader>00644cam a2200205Ma 4500</leader>
  <controlfield tag="001">3077306</controlfield>
  <controlfield tag="003">NNC</controlfield>
  <controlfield tag="005">20140410094939.0</controlfield>
  <controlfield tag="008">901026s1954    ua            000 0 ara d</controlfield>
  <datafield tag="035" ind1=" " ind2=" ">
    <subfield code="a">(OCoLC)ocm43295514</subfield>
  </datafield>
  <datafield tag="035" ind1=" " ind2=" ">
    <subfield code="9">ATQ0943CU</subfield>
  </datafield>
  <datafield tag="040" ind1=" " ind2=" ">
    <subfield code="a">PUL</subfield>
    <subfield code="c">PUL</subfield>
    <subfield code="d">ZCU</subfield>
  </datafield>
  <datafield tag="050" ind1="1" ind2="4">
    <subfield code="a">NJPG90-B47955</subfield>
  </datafield>
  <datafield tag="099" ind1=" " ind2=" ">
    <subfield code="a">893.785</subfield>
    <subfield code="a">Aq26</subfield>
  </datafield>
  <datafield tag="245" ind1="0" ind2="0">
    <subfield code="a">Alwan min al-qiṣṣah al-ṣaghīrah fī al-adāb al-Amirīkī /</subfield>
    <subfield code="c">[edited by A̓bbās Maḥmūd A̓qqād]</subfield>
  </datafield>
  <datafield tag="260" ind1=" " ind2=" ">
    <subfield code="a">[al-Qā̄hirah,</subfield>
    <subfield code="b">Dar Akhbār al-Yawm,</subfield>
    <subfield code="c">1954]</subfield>
  </datafield>
  <datafield tag="300" ind1=" " ind2=" ">
    <subfield code="a">232 p. ;</subfield>
    <subfield code="c">21 cm.</subfield>
  </datafield>
  <datafield tag="500" ind1=" " ind2=" ">
    <subfield code="a">Short stories.</subfield>
  </datafield>
  <datafield tag="700" ind1="1" ind2=" ">
    <subfield code="a">ʻAqqād, ʻAbbās Maḥmūd,</subfield>
    <subfield code="d">1889-1964.</subfield>
  </datafield>
  <datafield tag="955" ind1=" " ind2=" ">
    <subfield code="b">CU58891218</subfield>
    <subfield code="d">off,glx</subfield>
    <subfield code="e">893.785 Aq26</subfield>
  </datafield>
</record>
</collection>